@article{10.1088/2516-1075/ac495b,
	author={\textbf{Nguyen, B.} and Hernandez, Devin J. and 
        Flores, Emmanuel Victor V. and Furche, Filipp},
	title={Dispersion Size-Consistency},
	journal={Elec. Struct.},
	doi={10.1088/2516-1075/ac495b},
	year={2022}
}

@article{         Balasubramani.Chen:TURBOMOLE-program-suite.JCPS.20,
  author        = {Balasubramani,Sree Ganesh and Chen,Guo P. and
                  Coriani,Sonia and Diedenhofen,Michael and Frank,Marius S.
                  and Franzke,Yannick J. and Furche,Filipp and Grotjahn,Robin
                  and Harding,Michael E. and Hättig,Christof and
                  Hellweg,Arnim and Helmich-Paris,Benjamin and
                  Holzer,Christof and Huniar,Uwe and Kaupp,Martin and Marefat
                  Khah,Alireza and Karbalaei Khani,Sarah and Müller,Thomas
                  and Mack,Fabian and Nguyen,Brian D. and Parker,Shane M. and
                  Perlt,Eva and Rappoport,Dmitrij and Reiter,Kevin and
                  Roy,Saswata and Rückert,Matthias and Schmitz,Gunnar and
                  Sierka,Marek and Tapavicza,Enrico and Tew,David P. and van
                  Wüllen,Christoph and Voora,Vamsee K. and Weigend,Florian
                  and Wodyński,Artur and Yu,Jason M.},
  title         = {TURBOMOLE: Modular program suite for ab initio
                  quantum-chemical and condensed-matter simulations},
  journal       = {J. Chem. Phys.},
  date          = {2020-05-13},
  year          = {2020},
  volume        = {152},
  number        = {18},
  pages         = {184107},
  doi           = {10.1063/5.0004635}
}

@article{	  Darago.Boshart:Strong-Ferromagnetic-MoS4.JACS.21,
  author	= {Darago, Lucy E. and Boshart, Monica D. and
                  \textbf{Nguyen, B.D.} and Perlt, Eva and Ziller, Joseph W. and
		  Lukens, Wayne W. and Furche, Filipp and Evans, William
		  J. and Long, Jeffrey R.},
  title		= {Strong Ferromagnetic Exchange Coupling and
		  Single-Molecule Magnetism in \MakeUppercase{M}o\MakeUppercase{S}{$_4^{\,\,3-}$}-Bridged
		  Dilanthanide Complexes},
  journal	= {J. Am. Chem. Soc.},
  coden		= {JACSAT},
  issn		= {1520-5126},
  year		= {2021},
  volume	= {143},
  number	= {22},
  pages		= {8465--8475},
  doi		= {10.1021/jacs.1c03098}
}

@article{         Furche.Krull:Accelerating-Krylov-methods.JCPS.16,
  shorttitle    = {Accelerating Krylov methods},
  journal  = {J. Chem. Phys.},
  coden         = {JCPSA6},
  issn          = {0021-9606},
  date          = {2016-05-03},
  author        = {Furche,Filipp and Krull,Brandon T. and \textbf{Nguyen, B.D.} and
                  Kwon,Jake },
  title         = {Accelerating molecular property calculations with
                  nonorthonormal Krylov space methods},
  volume        = {144},
  number        = {17},
  pages         = {174105},
  year          = {2016},
  doi           = {10.1063/1.4947245}
}

@article {Hollingsworth8723,
	author = {Hollingsworth, Scott A. and Batabyal, Dipanwita and
	\textbf{Nguyen B.D.} and Poulos, Thomas L.},
	title = {Conformational selectivity in cytochrome P450 redox partner
	interactions},
	volume = {113},
	number = {31},
	pages = {8723--8728},
	year = {2016},
	doi = {10.1073/pnas.1606474113},
	journal = {Proc. Natl. Acad. Sci. U.S.A.}
}

@article{doi:10.1021/acs.jcim.7b00421,
    author = {Hollingsworth, Scott A. and \textbf{Nguyen, B.D.} and Chreifi,
    Georges and Arce, Anton P. and Poulos, Thomas L.},
    title = {Insights into the Dynamics and Dissociation Mechanism of
    a Protein Redox Complex Using Molecular Dynamics},
    journal = {J. Chem. Inf. Model.},
    volume = {57},
    number = {9},
    pages = {2344-2350},
    year = {2017},
    doi = {10.1021/acs.jcim.7b00421}
}

@article{         Nguyen.Chen:Divergence-MBPT-NIs.JCTC.20,
  author        = {\textbf{Nguyen, B.D.} and Chen, Guo P. and Agee, Matthew M. and
                  Burow, Asbjörn M. and Tang, Matthew P. and Furche,
                  Filipp},
  title         = {Divergence of Many-Body Perturbation Theory for
                  Noncovalent Interactions of Large Molecules},
  journal  = {J. Chem. Theory Comput.},
  volume        = {16},
  number        = {4},
  pages         = {2258--2273},
  year          = {2020},
  doi           = {10.1021/acs.jctc.9b01176}
}

@article{	  Steinhardt.Rathbun:Brominated-Lucferins-Probes.CBCH.17,
  author	= {Steinhardt, Rachel C. and Rathbun, Colin M. and
		  Krull, Brandon T. and Yu, Jason M. and Yang, Yuhang
		  and \textbf{Nguyen, B.D.} and Kwon, Jake and McCutcheon,
		  David C. and Jones, Krysten A. and Furche, Filipp and
		  Prescher, Jennifer A.},
  title		= {Brominated Luciferins Are Versatile Bioluminescent
		  Probes},
  journal	= {ChemBioChem},
  coden		= {CBCHFX},
  issn		= {1439-4227},
  year		= {2017},
  volume	= {18},
  number	= {1},
  pages		= {96--100},
  doi		= {10.1002/cbic.201600564}
}

@article{	  Yu.Nguyen:Selfconsistent-RPA.JCPS.21,
  author	= {Yu, Jason M. and \textbf{Nguyen, B.D.} and Tsai, Jeffrey and
		  Hernandez, Devin J. and Furche, Filipp },
  title		= {Selfconsistent random phase approximation methods},
  journal	= {J. Chem. Phys.},
  coden		= {JCPSA6},
  issn		= {0021-9606},
  year		= {2021},
  volume	= {155},
  number	= {4},
  pages		= {040902},
  doi		= {10.1063/5.0056565}
}

@misc{ spring_acs.2021,
  author = {\textbf{Nguyen, B.D.} and Hernandez, Devin J. and Flores, Emmanuel J.
  and Furche, Filipp},
  title = {Dispersion Size-Consistency},
  year = {2021},
  note = {2021 Spring ACS National Meeting \& Expo},
  location = {San Diego, CA},
  howpublished = {\textit{accepted} Oral}
}

@misc{ fall_acs.2020,
  author = {\textbf{Nguyen, B.D.} and Chen, Guo P. and Agee, Matt M. and Burow, Asbjorn M.
  and Furche, Filipp},
  title = {Divergence of Many-Body Perturbation Theory},
  year = {2020},
  note = {2020 Fall ACS National Meeting \& Expo},
  location = {San Francisco, CA},
  howpublished = {Poster}
}

@misc{ socal_theo_symposium_usc.2019,
  author = {\textbf{Nguyen, B.D.} and Chen, Guo P. and Agee, Matt M. and Burow, Asbjorn M.
     and Furche, Filipp},
  title = {Size dependence of noncovalent interactions within RPA},
  year = {2019},
  note = {2019 Southern California Theoretical Chemistry Symposium},
  location = {Los Angeles, CA},
  howpublished = {Poster}
}


@misc{ rpa_santa_fe.2018,
  author = {\textbf{Nguyen, B.D.} and Chen, Guo P. and Agee, Matt M. and Burow, Asbjorn M.
     and Furche, Filipp},
  title = {Accuracy of RPA for Large Weakly Interacting Systems},
  year = {2018},
  note = {2018 Conference on Excited States Processes},
  location = {Santa Fe, NM},
  howpublished = {Poster}
}
